4042 6110
244 412 1613 441 mummusummmmmmutwtuuwmmwmsumww

693 852 1160 987 ramulam.

237 1797 240 1809 ’
283 1800 406 1884 Quum
420 1789 491 1862 hoc
509 1787 793 1860 Platoreheorum
808 1792 961 1856 vitorum
973 1809 1064 1881 opus
1080 1784 1127 1853 ita
1140 1785 1176 1853 in
1193 1809 1250 1855 me
1263 1781 1500 1881 suscipiebam
1523 1785 1629 1857 eden·

237 1918 397 2005 dum,ut
418 1913 517 1985 alteri
538 1911 638 2009 quod
658 1909 852 1981 Moralium
869 1908 940 1979 fere
955 1907 1060 1978 titulo
1082 1906 1340 1996 circumfertur,
1362 1908 1400 1978 in
1417 1907 1483 1979 hac
1503 1908 1628 1978 Parisi-

240 2063 367 2111 narum
382 2036 583 2108 editionum
599 2035 688 2104 serie
717 2030 877 2104 Dribnerr’
888 2055 922 2100 v.
944 2030 989 2102 cl.
1010 2030 1104 2102 curis
1126 2029 1224 2101 edito
1247 2029 1510 2125 adjungeretur,
1526 2029 1626 2100 facile

238 2156 495 2257 praevidebam,
522 2179 598 2226 non
612 2153 685 2224 hoc
699 2157 750 2225 sic
770 2177 791 2224 a
808 2175 865 2223 me
883 2151 959 2222 fieri
977 2175 1099 2248 posse,
1114 2166 1154 2221 ut
1168 2166 1252 2247 post
1270 2149 1532 2245 diligentissimi
1553 2149 1629 2220 edi·

206 2306 214 2313 ·
238 2281 327 2351 toris
345 2277 464 2350 Caroli
489 2278 643 2347 Sintenr's
662 2298 806 2371 operam
837 2294 972 2344 novum
996 2272 1097 2368 quasi
1114 2270 1286 2366 quiddam
1303 2270 1465 2358 molirer3
1490 2272 1629 2340 namin

240 2400 413 2496 scriptore
438 2397 529 2468 tanti
554 2394 768 2483 voluminis,
787 2410 860 2467 tam
885 2408 990 2463 vastae
1007 2394 1181 2489 variaeqtre
1206 2392 1418 2463 eruditionis
1437 2391 1551 2489 qualis
1579 2406 1633 2462 est

239 2519 463 2607 Plutarchus,
488 2517 662 2588 editorem
679 2531 824 2613 apparet
844 2540 928 2586 eum
943 2518 1005 2613 qui
1020 2516 1065 2588 ad
1080 2517 1150 2588 tale
1163 2516 1251 2613 quid
1266 2517 1440 2613 adspiret,
1459 2542 1573 2613 quum
1587 2518 1631 2587 sit

240 2641 272 2710 ei
286 2664 351 2736 per
374 2638 498 2710 omnia
524 2636 737 2708 eruditionis
758 2636 906 2731 vestigia
924 2654 1105 2711 auctorem
1127 2664 1234 2710 suum
1255 2622 1479 2735 sequendum
1498 2640 1630 2709 riman-

239 2760 399 2856 dumque
418 2758 576 2851 historiae
591 2759 722 2855 pariter
738 2782 779 2828 ac
793 2757 1052 2857 philosophicae
1066 2763 1281 2857 cognitionis
1310 2761 1453 2833 semitas
1476 2776 1510 2830 et
1537 2763 1628 2847 avia,

241 2880 438 2954 scrutandae
471 2879 628 2978 denique
653 2879 800 2969 diversae
823 2881 899 2976 ejus
916 2884 1086 2955 orationis
1112 2884 1250 2972 sormae,
1273 2908 1356 2954 eum
1384 2885 1531 2979 inquam
1554 2884 1630 2953 sine

239 3003 398 3100 plurimo
418 3003 483 3073 otii
500 3002 595 3074 bene
612 3001 777 3074 collocati
794 3002 983 3100 dispendio
998 3029 1074 3075 non
1091 3029 1198 3101 posse
1211 3018 1377 3101 praestare
1394 3002 1493 3099 quod
1512 3028 1578 3099 pro
1596 3028 1633 3074 re

242 3139 534 3196 consummatum
559 3124 791 3195 existimetur.
806 3124 877 3195 Sed
898 3124 1070 3223 proficere
1096 3152 1172 3197 non
1197 3125 1383 3224 paululum
1406 3141 1524 3197 tamen
1544 3125 1634 3197 mihi

241 3244 403 3333 videbar,
418 3246 448 3323 si
461 3244 499 3314 in
516 3243 665 3315 edendis
674 3243 775 3315 hisce
788 3244 874 3315 vitis
886 3261 920 3316 et
934 3271 975 3317 ea
990 3246 1178 3342 diligenter
1193 3246 1405 3342 respicerem
1420 3269 1499 3342 quae
1513 3260 1635 3316 nostra

244 3366 418 3439 memoria
435 3392 455 3437 a
469 3366 633 3463 plurimis
647 3366 733 3437 viris
750 3366 867 3439 doctis
883 3369 921 3438 in
931 3367 1110 3439 Plutarchi
1125 3368 1415 3440 emendationem
1434 3381 1468 3438 et
1482 3365 1633 3462 explica·

244 3489 381 3561 tionem
406 3514 468 3559 seu
497 3488 577 3559 data
603 3513 711 3585 opera
726 3489 799 3560 sive
824 3490 1027 3561 intransitu
1043 3488 1286 3577 suntcollata,
1305 3504 1341 3558 et
1354 3512 1439 3558 vero
1454 3502 1572 3557 uterer
1591 3487 1634 3556 iis

242 3606 414 3679 subsidiis
436 3632 514 3704 quae
532 3608 752 3681 bibliotheca
769 3610 943 3699 Parisina,
964 3626 1004 3682 ut
1025 3612 1206 3682 monitum
1221 3594 1260 3682 in
1284 3610 1488 3709 praelatione
1506 3609 1634 3705 prioris

245 3727 458 3815 voluminis,
475 3730 564 3800 mihi
581 3731 833 3802 commodavit.
854 3733 995 3824 Quibus
1012 3732 1183 3805 omnibus
1198 3757 1271 3830 quo
1287 3731 1398 3804 modo
1419 3756 1504 3802 usus
1520 3731 1587 3802 sim
1604 3730 1634 3800 si

243 3850 373 3922 vellem
387 3876 453 3948 per
469 3852 607 3947 singula
621 3855 784 3950 exposito
801 3855 939 3926 critices
957 3869 1110 3927 tractatae
1129 3856 1370 3926 instrumento
1390 3853 1503 3925 oculis
1523 3852 1635 3946 subji-

247 3998 343 4061 cere,
355 3997 480 4044 vereor
498 3998 544 4044 ne
564 3989 624 4046 aut
640 3974 732 4045 ultra
749 3975 998 4069 hujuscemodi
1017 3977 1233 4073 praefationis
1247 3978 1419 4048 terminos
1433 3977 1634 4072 exspatian-

244 4094 333 4164 dum
348 4095 439 4165 mihi
452 4095 560 4183 foret,
571 4111 630 4167 aut
640 4098 763 4193 paucis
773 4096 959 4169 declaratis
972 4099 1113 4172 viderer
1122 4099 1214 4170 nihil
1227 4098 1422 4171 declarasse
1429 4097 1483 4169 vel
1495 4123 1633 4194 parum.

243 4218 474 4290 Exomnibus
489 4217 670 4289 Plutarchi
682 4220 835 4290 vitarum
845 4220 1044 4292 editoribus
1057 4247 1169 4318 quum
1180 4220 1338 4317 reliquos
1347 4219 1452 4315 longe
1465 4218 1635 4316 procedat

247 4338 389 4409 Carolus
415 4342 579 4423 Siorenis,
610 4339 711 4411 hunc
732 4342 884 4413 maxime
903 4341 1032 4413 ducem
1050 4343 1172 4440 quoad
1200 4343 1302 4414 licuit
1321 4342 1422 4438 sequi
1444 4356 1633 4412 consenta-

246 4484 355 4532 neum
375 4465 503 4532 erath
523 4487 597 4558 quo
615 4488 728 4559 quum
746 4464 834 4535 mihi
855 4463 1096 4535 recedendum
1114 4465 1215 4553 duxi,
1237 4489 1316 4535 raro
1338 4463 1377 4534 id
1392 4463 1458 4533 leci
1475 4463 1633 4534 virorum

245 4581 437 4657 doctorum
463 4582 520 4653 vel
541 4584 629 4656 meis
646 4586 862 4680 conjecturis
886 4586 1056 4682 receptis,
1075 4585 1159 4656 alias
1186 4585 1362 4681 vulgatam
1378 4586 1522 4654 incertae
1544 4583 1633 4654 adeo

245 4702 329 4775 fidei
355 4702 546 4776 lectionem
574 4707 763 4802 praeserens
792 4705 1106 4779 emendationibus
1124 4707 1343 4780 librorumve
1366 4704 1582 4777 lectionibus
1600 4721 1634 4774 et

246 4825 333 4921 ipsis
351 4849 428 4897 non
443 4827 526 4898 satis
541 4830 646 4899 certis
667 4853 708 4900 ac
729 4831 881 4919 testatis,
899 4828 1092 4926 aliquando
1114 4829 1152 4900 id
1169 4828 1269 4926 quod
1291 4825 1479 4924 probabile
1495 4826 1634 4896 videre·

246 4961 305 5017 tur
324 4963 364 5018 ut
382 4947 420 5018 in
437 4973 475 5019 re
491 4950 627 5022 incerta
640 4949 762 5022 latinis
776 4967 916 5023 tantum
932 4951 1135 5047 significans
1149 4950 1285 5038 verbis3
1300 4965 1378 5019 tum
1393 4974 1468 5019 non
1484 4972 1563 5017 raro
1576 4972 1635 5016 eas

247 5066 419 5140 lectiones
439 5094 528 5167 quas
543 5071 663 5143 adhue
682 5098 879 5170 paucorum
895 5073 1072 5146 librorum
1096 5074 1162 5144 niti
1178 5072 1387 5144 auctoritate
1407 5069 1584 5156 viderem,
1604 5069 1631 5137 si

249 5184 512 5261 dubitationem
539 5217 614 5264 non
642 5192 887 5284 admitterent,
907 5197 1075 5268 Parisinis
1104 5196 1318 5269 testimoniis
1344 5192 1572 5265 confirmatas
1597 5190 1635 5259 in

1471 5305 1489 5342 a
