4042 6110
324 441 359 485 tr
752 440 756 445 ·
904 419 1118 482 anttrto.

372 549 706 648 Interpretationem
720 544 866 618 latinam
877 548 1052 643 subjicere
1061 549 1195 646 placuit
1208 550 1395 647 Xylandri,
1412 576 1485 624 non
1497 578 1574 624 enm
1591 570 1707 629 tamen

325 676 548 745 immutatam
567 686 603 742 et
616 670 799 766 integram.
815 671 886 756 Qui
898 672 952 740 vir
969 686 1012 743 ut
1031 671 1199 768 pleraque
1217 688 1330 760 recte,
1353 674 1451 746 haud
1475 700 1556 748 raro
1576 681 1707 751 rectius

325 819 433 892 quarn
445 795 522 892 ipse
539 817 579 864 ea
590 805 689 863 aetate
702 791 876 888 legeretur
886 791 1114 882 Plutarchus,
1129 819 1221 892 saepe
1235 797 1342 866 etiam
1357 796 1549 869 dilucidius
1565 814 1600 869 et
1615 817 1708 872 certe

325 916 537 1012 elegantius,
561 936 670 1010 quam
683 912 824 1010 scripsit
847 911 943 983 idem
957 940 1065 1011 quem
1079 917 1261 1013 expressit,
1287 918 1538 1016 interpretatus
1567 908 1709 994 estrita

325 1053 444 1109 tamen
455 1051 528 1108 erat
544 1035 606 1107 ubi
620 1049 923 1106 commentantem
931 1036 1051 1133 potius
1064 1061 1172 1133 quarn
1188 1038 1482 1134 interpretantem
1491 1065 1580 1137 aegre
1588 1042 1705 1116 ferres.

325 1164 442 1247 Quare
459 1185 534 1232 non
560 1159 722 1231 dubitavi
755 1157 931 1254 frequenti
957 1158 1043 1230 huic
1068 1160 1262 1231 verborum
1286 1160 1438 1234 ubertati
1460 1187 1527 1259 pro
1557 1189 1596 1235 re
1625 1181 1705 1236 nata

326 1282 451 1354 falcem
471 1280 675 1353 immittere.
706 1284 874 1351 Praeterea
891 1305 946 1351 res
972 1295 1008 1350 et
1027 1281 1118 1352 ratio
1144 1280 1342 1377 flagitabat,
1371 1298 1413 1355 ut
1429 1283 1506 1355 aliis
1532 1284 1621 1357 locis
1644 1289 1706 1383 qui

325 1428 424 1476 nunc
463 1403 593 1475 rectius
619 1418 655 1473 et
682 1400 870 1473 emendate
897 1401 1065 1498 leguntur
1093 1402 1140 1475 ab
1170 1404 1246 1498 ejus
1278 1406 1572 1503 interpretatione
1602 1408 1709 1505 plane

325 1525 541 1598 abstinerem
557 1548 760 1622 novamque
767 1523 1144 1621 substituerem3quod
1156 1524 1251 1596 cadit
1260 1526 1366 1596 etiam
1381 1527 1419 1596 in
1428 1525 1707 1615 multosversns,

334 1672 425 1745 quos
439 1644 573 1743 pedum
593 1670 702 1743 quam
724 1670 957 1718 numerorum
974 1645 1170 1719 studiosior
1190 1646 1383 1745 aliquando
1402 1649 1486 1720 satis
1502 1648 1707 1721 inconditos

325 1768 494 1868 procudit
515 1766 708 1864 Xylander.
732 1773 849 1864 Atque
867 1769 906 1840 in
924 1769 981 1841 his
1002 1768 1172 1841 omnibus
1194 1769 1554 1869 quantulumcunque
1574 1775 1691 1869 praesti

326 1893 428 1964 terim
441 1914 604 1987 operaene
621 1891 667 1963 sit
679 1891 852 1989 pretium,
864 1890 1042 1986 judicium
1056 1903 1133 1960 esto
1149 1914 1261 1988 penes
1267 1890 1407 1985 judices
1420 1916 1540 1988 requos
1553 1907 1588 1964 et
1602 1892 1710 1964 bene·

324 2013 440 2085 volos.
460 2017 505 2085 Et
518 2011 614 2085 addo
637 2027 833 2086 extremum
858 2012 946 2100 hoc,
976 2025 1093 2084 totum
1118 2011 1369 2085 Plutaroheum
1385 2038 1477 2112 opus
1498 2014 1708 2086 conclusum

325 2136 368 2207 iri
387 2135 529 2223 lndiee,
549 2159 658 2232 quern
671 2135 747 2232 ipse
767 2135 999 2223 concinnavi,
1015 2150 1089 2206 tarn
1104 2157 1225 2206 rerum
1244 2158 1352 2231 quarn
1365 2150 1553 2207 auctorum
1566 2159 1708 2225 eorum,

324 2282 417 2354 quos
433 2258 506 2329 sive
522 2257 671 2328 nomine
686 2255 810 2329 addito
829 2256 903 2328 sive
916 2256 1077 2352 neglecto
1091 2256 1253 2329 laudatos
1267 2256 1358 2347 vidi3
1377 2257 1625 2357 insereturque
1648 2257 1709 2329 ille
1790 2330 1794 2341 ,

325 2380 454 2476 quinto
478 2395 596 2468 torno,
624 2378 974 2478 Pseudoplutarchea
994 2394 1029 2451 et
1047 2384 1257 2477 Fragmenta
1274 2380 1518 2478 complexum.

373 2501 579 2575 Scribebam
591 2500 846 2599 Schneebergae
861 2506 1156 2599 Saxoniae,mense
1175 2507 1269 2581 lulio
1282 2511 1576 2581 Mocccxttvtt.
